@preamble{ "\newcommand{\noopsort}[1]{} "
	# "\newcommand{\printfirst}[2]{#1} "
	# "\newcommand{\singleletter}[1]{#1} "
	# "\newcommand{\switchargs}[2]{#2#1} " }

@article{ a,
	author = "岡田 耕治 and 渡邉 洋輔 and 齊藤 梓 and 川上 勝 and 古川 英光",
	title = "3D ゲルプリンティング",
	journal = "ネットワークポリマー論文集",
	year = "2016",
	volume = "37",
	number = "2",
	pages = "81-87"
}

@article{ b,
	author = "Suntory-3D on the Rocks",
	title = "",
	journal = " 2017-10-16",
	year = "",
	volume = "",
	number = "",
	pages = ""
}

@article{ c,
	author = "Huaishu Peng and Jennifer Mankoff and Scott E. Hudson and James McCann ",
	title = "A layered fabric 3d printer for soft interactive objects",
	journal = "In Proceedings of the 33rd Annual ACM Conference on Human Factors in Computing Systems",
	year = "2015",
	volume = "2",
	number = "",
	pages = "1789-1798"
}

@article{ d,
	author = "Michael Stern and Giorgia Franchin and Markus Kayser and John Klein and Chikara Inamura and ShreyaDave and James C Weaver and Peter Houk and Paolo Colombo and Maria Yang and Neri Oxman",
	title = "Additive manufacturing of optically transparent glass",
	journal = "3D Printing and Additive Manu facturing",
	year = "2015",
	volume = "2",
	number = "3",
	pages = "92-105"
}

@article{ e,
	author = "鈴木祐哉 and 高岸賢輔 and 梅津信二郎",
	title = "静電インクジェット方式3Dプリンタによる後年度食品材料の高精度プリント",
	journal = "ライフサポート学会",
	year = "2016",
	volume = "",
	number = "",
	pages = ""
}

@article{ f,
	author = "八角 邦夫",
	title = "静電インクジェット方式3Dプリンタによる後年度食品材料の高精度プリント",
	journal = "科学と教育",
	year = "2020",
	volume = "68",
	number = "2",
	pages = "66-67"
}

@article{ g,
	author = "陶山 剛",
	title = "3D プリンタのセラミックスへの適用",
	journal = "ニューセラミックス懇話会",
	year = "2018",
	volume = "65",
	number = "",
	pages = "3-8"
}







@article{ nowrouzezahrai,
	author = "D.Nowrouzezahrai and J.Johnson and
		A.Selle and D.Lacewell and M.Kaschalk and W.Jarosz",
	title = "A {Programmable} {System} for {Artistic} {Volumetric} {Lighting}",
	journal = "ACM Transactions on Graphics",
	year = "2011",
	volume = "30",
	number = "4",
	pages = "29:1--29:8"
}

@article{ aoki,
	author = "青木 明優花 and 阿部 雅樹 and 渡辺 大地",
	title = "洋服シワに対するキャラクターイラスト特有の影形状のリアルタイムレンダリング",
	journal = "情報処理学会 研究報告デジタルコンテンツクリエーション({DCC})",
	year = "2020",
	volume = "2020-DCC-24",
	number = "24",
	pages = "1-8"
}

@phdthesis { takeuchi,
	type = "博士論文",
	author = "竹内 亮太",
	title = "ストローク履歴を活用した3次元形状モデリング手法の研究",
	school = "東京工科大学大学院バイオ情報・メディア研究科メディアサイエンス専攻",
	year = "2013"
}

@mastersthesis { abeM,
	type = "修士論文",
	author = "阿部 雅樹",
	title = "エネルギー波表現のリアルタイムレンダリング",
	school = "東京工科大学大学院バイオ情報・メディア研究科メディアサイエンス専攻",
	year = "2010"
}

@mastersthesis { abeU,
	type = "学部卒業論文",
	author = "阿部 雅樹",
	title = "ボリュームレンダリングを用いたエネルギー波のリアルタイム形状変形",
	school = "東京工科大学メディア学部ゲームサイエンスプロジェクト",
	year = "2008"
}

@book{ dragonball,
	author = "鳥山 明",
	title = "{DRAGON} {BALL} 大全集 -- 鳥山明ワールド(7)",
	publisher = "集英社",
	year = 1996
}

@misc { effekseer,
	author = "{Effekseer}開発チーム",
	title = "Effekseer",
	howpublished = "\url{http://effekseer.github.io/jp/index.html}",
	note = "参照: 2016.4.15"
}
